<record><leader>00000cas a22000007a 4500</leader><controlfield tag="001">15200845</controlfield><controlfield tag="008">870216d18881959nyuwr ne      0    0eng d</controlfield><datafield ind1=" " ind2=" " tag="010"><subfield code="a">sn 87067085 </subfield></datafield><datafield ind1=" " ind2=" " tag="040"><subfield code="a">NNX</subfield><subfield code="b">eng</subfield><subfield code="c">NNX</subfield><subfield code="d">NYS</subfield><subfield code="d">OCLCQ</subfield><subfield code="d">NYG</subfield><subfield code="d">OCLCF</subfield></datafield><datafield ind1="1" ind2=" " tag="029"><subfield code="a">AU@</subfield><subfield code="b">000025791594</subfield></datafield><datafield ind1=" " ind2=" " tag="042"><subfield code="a">msc</subfield></datafield><datafield ind1="0" ind2="0" tag="245"><subfield code="a">Camden advance-journal.</subfield></datafield><datafield ind1="1" ind2="3" tag="246"><subfield code="a">Advance journal</subfield></datafield><datafield ind1=" " ind2=" " tag="260"><subfield code="a">Camden, N.Y. :</subfield><subfield code="b">W. C. Stone,</subfield><subfield code="c">1888-1959.</subfield></datafield><datafield ind1=" " ind2=" " tag="300"><subfield code="a">71 v.</subfield></datafield><datafield ind1=" " ind2=" " tag="310"><subfield code="a">Weekly</subfield></datafield><datafield ind1="0" ind2=" " tag="362"><subfield code="a">Vol. 16, no. 1 (July 5, 1888)-v. 86, no. 32 (Feb. 6, 1959).</subfield></datafield><datafield ind1=" " ind2=" " tag="500"><subfield code="a">Publishers: W.C. Stone, 1888-1908; W.C. Stone &amp; Son, 1909; B.H. Stone, 1909-1945; B.H. Stone &amp; Son, 1945-1952; Walter C. Stone, 1952-1959.</subfield></datafield><datafield ind1=" " ind2="0" tag="651"><subfield code="a">Camden (N.Y. : Town)</subfield><subfield code="v">Newspapers.</subfield></datafield><datafield ind1=" " ind2="0" tag="651"><subfield code="a">Oneida County (N.Y.)</subfield><subfield code="v">Newspapers.</subfield></datafield><datafield ind1=" " ind2="7" tag="655"><subfield code="a">Newspapers.</subfield><subfield code="2">fast</subfield><subfield code="0">(OCoLC)fst01423814</subfield></datafield><datafield ind1=" " ind2="7" tag="651"><subfield code="a">New York (State)</subfield><subfield code="z">Camden (Town)</subfield><subfield code="2">fast</subfield><subfield code="0">(OCoLC)fst01331549</subfield></datafield><datafield ind1=" " ind2="7" tag="651"><subfield code="a">New York (State)</subfield><subfield code="z">Oneida County.</subfield><subfield code="2">fast</subfield><subfield code="0">(OCoLC)fst01209049</subfield></datafield><datafield ind1=" " ind2=" " tag="752"><subfield code="a">United States</subfield><subfield code="b">New York</subfield><subfield code="c">Oneida</subfield><subfield code="d">Camden.</subfield></datafield><datafield ind1="0" ind2="0" tag="780"><subfield code="t">Advance-journal (Camden, N.Y. : 1885)</subfield><subfield code="w">(DLC)sn 90066431</subfield><subfield code="w">(OCoLC)23071919</subfield></datafield><datafield ind1="0" ind2="0" tag="785"><subfield code="t">Advance-journal (Camden, N.Y. : 1959)</subfield><subfield code="w">(DLC)sn 90066432</subfield><subfield code="w">(OCoLC)23042105</subfield></datafield></record>